
@article{Takashi,
author = {Takashi Kikuchi and Kumiko K. Hashimoto},
title = {Transmission of electric fields to the low latitude ionosphere in the magnetosphere-ionosphere current},
journal = {Geoscience Letters},
year = 2016,
volume = {3:4},
}

@article{Votta,
author = {R. Votta and A. Schettino and G. Ranuzzi and S. Borrelli },
title = {Continuum and Kinetic Simulations of Orion (CEV) Atmospheric Re-entry in
High Altitude Flight Conditions},
journal = {AIP Conference Proceedings},
year = 2008,
}
@article{Johnson,
author = {B. M. Johnson},
title = {Analytical shock solutions at large and small
Prandtl number},
journal = {JFM Rapids},
year = 2013,
volume = {726},
}
@article{Savino,
author = {R. Savino and D. Paterna and M. De Stefano Fumo and M. D'Elia},
title = {Plasma-Radiofrequency Interactions Around Atmospheric Re-Entry Vehicles:
Modelling and Arc-Jet Simulation},
journal = {The Open Aerospace Engineering Journal,},
year = 2010,
volume = {3},
}
@article{Wang,
author = {Yang Wang and Jlanan Su and Paul Song},
title = {A new dynamic fluid-kinetic model for plasma transport within the plasmasphere},
journal = {Journal Geophysical Research: Space Physics},
year = 2015,
volume = {120},
}
@misc{NetAtm,
  author = {UCAR Center For Science Education},
  title = {Layers of Earth's Atmosphere},
  year = 2017,
  url ={ https://scied.ucar.edu/atmosphere-layers},
}
@article{Chen,
author = {Liu Chen and  Liu Changjian and Feng Xu and Du Ying},
title = {A new dynamic fluid-kinetic model for plasma transport within the plasmasphere},
journal = {China Satellite Navigation Conference (CSNC)},
year = 2017,
}
@phdthesis{hakimphd,
  author       = {Ammar H. Hakim}, 
  title        = {High Resolution Wave Propagation Schemes for Two-Fluid Plasma Simulations},
  school       = {University of Washington},
  year         = 2006,
  address      = {Seattle, WA 98105, USA},
  month        = May,
}
@article{Vasilevski,
author = {S. A. Vasilevski and A. F. Kolsenikov},
title = {Numerical Simulation Of Equilibrium Induction Plasma Flows In a Cylindrical Plasmatron Channel },
journal = {Fluid Dynamics},
year = 2000,
volume = {35},
}
@misc{Hesthaven,
  author = {Jan S. Hesthaven},
  title = {Handbook of Numerical Analysis: Spectral Methods for Hyperbolic Problems},
  year = 2017,
  month = November,
}
@book{IntPlasma,
  author    = {R. J. Goldston and P. H. Rutherford}, 
  title     = {Introdduction to Plasma Physics},
  publisher = {Taylor and Francis},
  year      = 1995,
  address   = {Plasma Physics Laboratory Princeton University},
}