@Book{Gilks,
Author = {W. Gilks and S. Richardson and D. Spiegelhalter},
title = {Monte Carlo in Practice},
publisher = {Chapman and Hall/CRC},
year = {1996},
}

@Book{Gamerman,
Author = {D. Gamerman and F. L. Herbert},
title = {Markov Chain Monte Carlo: Stochastic Simulation for Bayesian Inference},
publisher = {Chapman and Hall/CRC},
year = {2006},
}
@Book{Allen,
Author = {Allen B. Dawney},
title = {Think Bayes: Bayesian Statistics in Python},
publisher = {O'REILLY},
year = {2013},
}

@Book{Ross,
title = "Introduction to Probability Models ",
author = "Ross, Sheldon ",
booktitle = "Introduction to Probability Models (Eleventh Edition) ",
publisher = "Academic Press",
address = "Boston",
year = "2014",
}

@BOOK{SutherlandBook,
    author       = {B. Sutherland},
   year         = 2010,
   title        = {Internal Gravity Waves},
   publisher    = {Cambridge University Press},
}
@BOOK{Buhmann,
    author       = {Martin D. Buhmann},
   year         = 2003,
   title        = {Radial Basis Functions: Theory and Implementations},
   publisher    = {Cambridge University Press},
}
@BOOK{Kopriva,
    author       = {David A. Kopriva},
   year         = 2009,
   title        = {Implementing Spectral Methods for Partial Differential Equations: Algorithms for Scientists and Engineers},
   publisher    = {Springer Publishing Company},
}

@BOOK{ThorpeBook,
    author       = {Thorpe},
   year         = {2005},
   title        = {The Turbulent Ocean},
   publisher    = {Cambridge University Press},
}

@BOOK{LightHillBook,
    author       = {J. Lighthill},
   year         = 1978,
   title        = {Waves in Fluids},
   publisher    = {Cambridge University Press},
}
   
@ARTICLE{Delwiche,
   author       = "P. J. Diamessis and S. Wunsch and I. Delwiche and P. Richter",
   title        = "Nonlinear generation of harmonics through thee interaction of an internal wave beam with a model oceanic pycnocline",
   journal      = "Dyn. Oceans Atmos.",
   volume       = "66", 
   pages        = "110-137",
   year         = "2014",
}

@ARTICLE{Z&D2013,
   author       = "Q. Zhou and P. J. Diamessis",
   title        = "Reflection of an internal gravity wave beam off a horizontal free slip surface",
   journal      = "Phys. Fluids ",
   volume       = "25",
   pages        = "262",
   year         = "2013",
}


@ARTICLE{TAL, 
   author       = "Ali Tabaei and T. R. Akylas and Kevin G. Lamb", 
   title        = "Nonlinear effects in reflecting and colliding internal wave beams", 
   journal      = "J. Fluid Mech.", 
   year         = "2005", 
   volume       = "526", 
   pages        = "217-243", 
}

@ARTICLE{Kunze,
   author       = "Chris Garrett and Eric Kunze", 
   title        = "Internal Tide Generation in the Deep Ocean", 
   journal      = "Annu. Rev. Fluid Mech.", 
   year         = "2007", 
   volume       = "39", 
   pages        = "57-87", 
}

@article{Wusch2,
   author       = "S. Wunsch and H. Ku and I. Delwiche and R. Awadallah",
   year         = "2014",
   title        = "Simulations of nonlinear harmonic generation by an internal wave beam incident on a pycnocline",
   journal      = "Nonlinear Proc Geophys",
   volume       = "21",
   pages        = "855-868",
}



@article{Aksu2017,
author = {Aksu, Anil A.},
doi = {10.1063/1.5001969},
issn = {10897666},
journal = {Physics of Fluids},
title = {{Nonlinear viscous higher harmonics generation due to incident and reflecting internal wave beam collision}},
year = {2017}
}


@book{Hoff,
 author = {Hoff, Peter D.},
 title = {A First Course in Bayesian Statistical Methods},
 year = {2009},
 isbn = {0387922997, 9780387922997},
 edition = {1st},
 publisher = {Springer Publishing Company, Incorporated},
} 

@article{Lin2017,
author = {Lin, Yolanda C. and Earls, Christopher J. and Park, Joel T. and Smith, Timothy C.},
journal = {Applied Ocean Research},
pages = {24--35},
publisher = {Elsevier B.V.},
title = {{Stochastic inversion for the roll gyradius second moment mass property in ships at full-scale and model-scale}},
volume = {63},
year = {2017}
}

@article{Reed2015,
author = {Reed, H. M. and Earls, C. J.},
journal = {Ocean Engineering},
pages = {123--143},
publisher = {Elsevier},
title = {{Stochastic identification of the structural damage condition of a ship bow section under model uncertainty}},
volume = {103},
year = {2015}
}

@article{Cuervo2010,
author = {Cuervo, Edilberto Cepeda and Achcar, Jorge Alberto},
journal = {Communications in Statistics: Simulation and Computation},
keywords = {Bayesian analysis,Heteroscedasticity,MCMC algorithm,Nonlinear regression,Parameter estimation},
number = {2},
pages = {405--419},
title = {{Heteroscedastic nonlinear regression models}},
volume = {39},
year = {2010}
}

 @article{Allshouse,
   author       = "Michael R. Allshouse and Frank M. Lee and Philip J. Morrison and Harry L. Swinney",
   year         = "2016",
   title        = "Internal wave pressure, velocity, and energy flux from density perturbations",
   journal      = "Phys. Rev. Fluids",
   volume       = "1",
   pages        = "014301",

}

@article{Earls2013,
author = {Earls, C. J.},
journal = {Mechanical Systems and Signal Processing},
number = {1-2},
pages = {420--432},
publisher = {Elsevier},
title = {{Bayesian inference of hidden corrosion in steel bridge connections: Non-contact and sparse contact approaches}},
volume = {41},
year = {2013}
}

@thesis{Solonen2006,
author = {Solonen, Antti},
title = {{Monte Carlo Methods in Parameter Estimation of Nonlinear Models}},
year = {2006}
}
