@article{Grinstein2001,
author = {Grinstein, Georges and Trutschl, Marjan and Cvek, Ur{\v{s}}ka},
journal = {Data mining conference KDD workshop},
keywords = {evaluation,high- dimensional data visualization,metrics,visualization techniques overview},
pages = {1--14},
title = {{High-dimensional visualizations}},
url = {http://citeseerx.ist.psu.edu/viewdoc/download?doi=10.1.1.103.528{\&}rep=rep1{\&}type=pdf},
year = {2001}
}

@Book{Gilks,
Author = {W. Gilks and S. Richardson and D. Spiegelhalter},
title = {Monte Carlo in Practice},
publisher = {Chapman and Hall/CRC},
year = {1996}
}

@Book{Gamerman,
Author = {D. Gamerman and F. L. Herbert},
title = {Markov Chain Monte Carlo: Stochastic Simulation for Bayesian Inference},
publisher = {Chapman and Hall/CRC},
year = {2006}
}
@Book{Allen,
Author = {Allen B. Dawney},
title = {Think Bayes: Bayesian Statistics in Python},
publisher = {O'REILLY},
year = {2013}
}
@article{Hesthaven2001,
author = {Hesthaven, J S and Warburton, T},
title = {{High-order / Spectral Methods on Unstructured Grids I . Time-domain Solution of Maxwell ' s Equations Form}},
year = {2001}
}
@Book{Ross,
title = "Introduction to Probability Models ",
author = "Ross, Sheldon ",
booktitle = "Introduction to Probability Models (Eleventh Edition) ",
publisher = "Academic Press",
address = "Boston",
year = "2014",
}