
@article{Takashi,
author = {Takashi Kikuchi and Kumiko K. Hashimoto},
title = {Transmission of electric fields to the low latitude ionosphere in the magnetosphere-ionosphere current},
journal = {Geoscience Letters},
year = 2016,
volume = {3:4},
}

@article{Votta,
author = {R. Votta and A. Schettino and G. Ranuzzi and S. Borrelli },
title = {Continuum and Kinetic Simulations of Orion (CEV) Atmospheric Re-entry in
High Altitude Flight Conditions},
journal = {AIP Conference Proceedings},
year = 2008,
}
@article{Johnson,
author = {B. M. Johnson},
title = {Analytical shock solutions at large and small
Prandtl number},
journal = {JFM Rapids},
year = 2013,
volume = {726},
}
@article{Savino,
author = {R. Savino and D. Paterna and M. De Stefano Fumo and M. D'Elia},
title = {Plasma-Radiofrequency Interactions Around Atmospheric Re-Entry Vehicles:
Modelling and Arc-Jet Simulation},
journal = {The Open Aerospace Engineering Journal,},
year = 2010,
volume = {3},
}
@article{Wang,
author = {Yang Wang and Jlanan Su and Paul Song},
title = {A new dynamic fluid-kinetic model for plasma transport within the plasmasphere},
journal = {Journal Geophysical Research: Space Physics},
year = 2015,
volume = {120},
}

@online{UCL,
  author = {Tony Arber},
  title = {Fundamentals of
Magnetohydrodynamics},
  year = 2013,
  url = {https://www.ucl.ac.uk/mssl/solar/summerschool13/lectures/MSSL-Arber.pdf},
}

